@inproceedings{walshaw2000multilevel,
  title={A multilevel algorithm for force-directed graph drawing},
  author={Walshaw, Chris},
  booktitle={International Symposium on Graph Drawing},
  pages={171--182},
  year={2000},
  organization={Springer}
}
@techreport{sandvig2005aacorn,
  title={Aacorn: A CBR recommender for academic advising},
  author={Sandvig, J and Burke, Robin},
  year={2005},
  institution={Technical Report TR05-015, DePaul University}
}
@book{anglin1994mathematics,
  title={Mathematics: A Concise History and Philosophy: A Concise History and Philosophy},
  author={Anglin, W.S.},
  isbn={9780387942803},
  lccn={96165013},
  series={Readings in Mathematics},
  url={https://books.google.com/books?id=13dKav77vGsC},
  year={1994},
  publisher={Springer New York}
}
@book{schwartz2009paradox,
  title={The Paradox of Choice: Why More Is Less, Revised Edition},
  author={Schwartz, B.},
  isbn={9780061748998},
  url={https://books.google.com/books?id=g422yyua-P8C},
  year={2009},
  publisher={HarperCollins}
}
@inproceedings{bendakir2006using,
  title={Using association rules for course recommendation},
  author={Bendakir, Narimel and A{\"\i}meur, Esma},
  booktitle={Proceedings of the AAAI Workshop on Educational Data Mining},
  volume={3},
  year={2006}
}
@inproceedings{Shneiderman:1996:ETD:832277.834354,
 author = {Shneiderman, Ben},
 title = {The Eyes Have It: A Task by Data Type Taxonomy for Information Visualizations},
 booktitle = {Proceedings of the 1996 IEEE Symposium on Visual Languages},
 series = {VL '96},
 year = {1996},
 isbn = {0-8186-7508-X},
 pages = {336--},
 url = {http://dl.acm.org/citation.cfm?id=832277.834354},
 acmid = {834354},
 publisher = {IEEE Computer Society},
 address = {Washington, DC, USA},
 keywords = {visualization, information visualization, graphical user interfaces},
} 
@article{Su:2009:SCF:1592474.1722966,
 author = {Su, Xiaoyuan and Khoshgoftaar, Taghi M.},
 title = {A Survey of Collaborative Filtering Techniques},
 journal = {Adv. in Artif. Intell.},
 issue_date = {January 2009},
 volume = {2009},
 month = jan,
 year = {2009},
 issn = {1687-7470},
 pages = {4:2--4:2},
 articleno = {4},
 numpages = {1},
 url = {http://dx.doi.org/10.1155/2009/421425},
 doi = {10.1155/2009/421425},
 acmid = {1722966},
 publisher = {Hindawi Publishing Corp.},
 address = {New York, NY, United States},
} 

@inproceedings{Moritz:2015:EuroVis,
  author = {Moritz, Dominik and Halperin, Daniel and Howe, Bill and Heer, Jeffrey},
  title = {Perfopticon: Visual Query Analysis for Distributed Databases},
  booktitle = {Proceedings of the 2015 Eurographics Conference on Visualization},
  series = {EuroVis '15},
  year = {2015},
  pages = {71--80},
  doi = {10.1111/cgf.12619},
  publisher = {Eurographics Association},
  address = {Aire-la-Ville, Switzerland, Switzerland},
} 

@ARTICLE{Sambasivan:2013:InfoVis,
  author={Sambasivan, R.R. and Shafer, I. and Mazurek, M.L. and Ganger, G.R.},
  journal={IEEE Transactions on Visualization and Computer Graphics},
  title={Visualizing Request-Flow Comparison to Aid Performance Diagnosis in Distributed Systems},
  year={2013},
  volume={19},
  number={12},
  pages={2466-2475},
  doi={10.1109/TVCG.2013.233}, 
  ISSN={1077-2626},
}

@book{ware:2004:IVP,
  author = {Colin Ware},
  title = {Information Visualization: Perception for Design},
  edition = {2\textsuperscript{nd}},
  year = 2004,
  publisher = {Morgan Kaufmann Publishers Inc.},
  address = {San Francisco},
	doi = {http://dx.doi.org/10.1016/B978-155860819-1/50001-7}
}

@phdthesis{levoy:1989:DSV,
  author = {Marc Levoy},
  title = {Display of Surfaces from Volume Data},
  school = {University of North Carolina at Chapel Hill},
	address = {USA},
	url = {http://www.cs.unc.edu/techreports/89-022.pdf},
  year = {1989},
}

@article{Lorensen:1987:MCA,
 author = {Lorensen, William E. and Cline, Harvey E.},
 title = {Marching Cubes: A High Resolution {3D} Surface Construction Algorithm},
 journal = {SIGGRAPH Computer Graphics},
 volume = {21},
 number = {4},
 month = aug,
 year = {1987},
 pages = {163--169},
 doi = {10.1145/37402.37422},
}

@inproceedings{Nielson:1991:TAD,
  author = {Gregory M. Nielson and Bernd Hamann},
  title = {The Asymptotic Decider: Removing the Ambiguity in Marching Cubes},
  year = {1991},
  booktitle = {Proc.\ Visualization},
  pages = {83--91},
  doi={10.1109/VISUAL.1991.175782},
	publisher = {IEEE Computer Society},
	address = {Los Alamitos},
}
